<?xml version="1.0" encoding="UTF-8"?><collection xmlns="http://www.loc.gov/MARC21/slim"><record><leader>00406nam--2200121-i-4500</leader><controlfield tag="001">000042452</controlfield><controlfield tag="002">20161230</controlfield><controlfield tag="005">20161230201043</controlfield><controlfield tag="008">060222s1000------------r-----000-0-eng-d</controlfield><datafield ind1=" " ind2=" " tag="100"><subfield code="a">Speiser,Ambros P</subfield></datafield><datafield ind1=" " ind2=" " tag="245"><subfield code="a">Impulssschaltungan. erzeugung und verarbeitung von impulsen mit  rohren und transistoren. mit 274 abbildungen</subfield></datafield><datafield ind1=" " ind2=" " tag="260"><subfield code="a">Berlin/Gottingen/Heidelberg, Springer-verlag, 1963. X+288 P</subfield></datafield><datafield ind1=" " ind2=" " tag="852"><subfield code="a">19726</subfield></datafield></record></collection>